<record><leader>00000cas a22000007a 4500</leader><controlfield tag="001">18269794</controlfield><controlfield tag="008">880726c19829999txudr ne      0    0eng d</controlfield><datafield ind1=" " ind2=" " tag="010"><subfield code="a">sn 88083957 </subfield></datafield><datafield ind1=" " ind2=" " tag="040"><subfield code="a">PPM</subfield><subfield code="b">eng</subfield><subfield code="c">PPM</subfield><subfield code="d">CUS</subfield><subfield code="d">OCLCF</subfield><subfield code="d">OCLCO</subfield></datafield><datafield ind1="1" ind2=" " tag="029"><subfield code="a">AU@</subfield><subfield code="b">000041015517</subfield></datafield><datafield ind1=" " ind2=" " tag="042"><subfield code="a">msc</subfield></datafield><datafield ind1="1" ind2="4" tag="050"><subfield code="a">Newspaper </subfield></datafield><datafield ind1="0" ind2=" " tag="130"><subfield code="a">Lufkin daily news (Lufkin, Tex. : 1982)</subfield></datafield><datafield ind1="0" ind2="4" tag="245"><subfield code="a">The Lufkin daily news.</subfield></datafield><datafield ind1=" " ind2=" " tag="260"><subfield code="a">Lufkin, Tex. :</subfield><subfield code="b">Joe Murray,</subfield><subfield code="c">1982-</subfield></datafield><datafield ind1=" " ind2=" " tag="310"><subfield code="a">Daily</subfield></datafield><datafield ind1="0" ind2=" " tag="362"><subfield code="a">Vol. 76, no. 104 (Feb. 28, 1982)-</subfield></datafield><datafield ind1=" " ind2="0" tag="651"><subfield code="a">Lufkin (Tex.)</subfield><subfield code="v">Newspapers.</subfield></datafield><datafield ind1=" " ind2="7" tag="655"><subfield code="a">Newspapers.</subfield><subfield code="2">fast</subfield><subfield code="0">(OCoLC)fst01423814</subfield></datafield><datafield ind1=" " ind2="7" tag="651"><subfield code="a">Texas</subfield><subfield code="z">Lufkin.</subfield><subfield code="2">fast</subfield><subfield code="0">(OCoLC)fst01207551</subfield></datafield><datafield ind1=" " ind2=" " tag="752"><subfield code="a">United States</subfield><subfield code="b">Texas</subfield><subfield code="c">Angelina</subfield><subfield code="d">Lufkin.</subfield></datafield><datafield ind1="0" ind2="0" tag="780"><subfield code="t">Lufkin news</subfield><subfield code="w">(OCoLC)14554660</subfield></datafield></record>